@misc{brockman2016gym,
    author = {Greg Brockman and Vicki Cheung and Ludwig Pettersson and Jonas Schneider and John Schulman and Jie Tang and Wojciech Zaremba},
    title = {OpenAI Gym},
    year = {2016},
    eprint = {arXiv:1606.01540},
}
@article{mnih2013atari,
    title={Playing atari with deep reinforcement learning},
    author={Mnih, Volodymyr and Kavukcuoglu, Koray and Silver, David and Graves, Alex and Antonoglou, Ioannis and Wierstra, Daan and Riedmiller, Martin},
    journal={arXiv preprint arXiv:1312.5602},
    year={2013}
}
@article{mnih2015nature,
    title={Human-level control through deep reinforcement learning},
    author={Mnih, Volodymyr and Kavukcuoglu, Koray and Silver, David and Rusu, Andrei A and Veness, Joel and Bellemare, Marc G and Graves, Alex and Riedmiller, Martin and Fidjeland, Andreas K and Ostrovski, Georg and others},
    journal={Nature},
    volume={518},
    number={7540},
    pages={529--533},
    year={2015},
    publisher={Nature Research}
}
